
@misc{boggsPrepared2008,
  title = {Prepared By:},
  shorttitle = {Prepared By},
  author = {Boggs, C. T. and Keefer, M. L. and Peery, C. A. and Dalen, J. T. and Madson, P. L. and Wertheimer, R. H. and Collis, K. and Evans, A. F. and Districts, Walla Walla and Rivers, Snake and Wertheimer, R. H. and Boggs, C. T. and Keefer, M. L. and Peery, C. A. and Collis, K. and Evans, A. F.},
  year = {2008},
  file = {C\:\\Users\\ryank\\Zotero\\storage\\CZCXXIEJ\\Boggs et al. - 2008 - Prepared by.pdf;C\:\\Users\\ryank\\Zotero\\storage\\2I4NV28E\\summary.html}
}

@techreport{briana.knothIDAHOADULTSTEELHEAD2018,
  title = {{{IDAHO ADULT STEELHEAD MONITORING}} 2017 {{ANNUAL REPORT}}},
  author = {{Brian A. Knoth} and {Marika E. Dobos} and {Micah T. Davison} and {Jason T. Fortier} and {Eric J. Stark} and {Matthew Belnap} and {Patrick Uthe} and {Kimberly A. Apperson}},
  year = {2018},
  month = may,
  number = {18-12},
  pages = {58},
  institution = {{Idaho Department of Fish and Game}},
  language = {en},
  file = {C\:\\Users\\ryank\\Zotero\\storage\\C2BMYRLS\\Knoth - IDAHO ADULT STEELHEAD MONITORING 2017 ANNUAL REPOR.pdf}
}

@article{copelandPatternsIteroparityWild2019,
  ids = {copelandPatternsIteroparityWild2019a,copelandPatternsIteroparityWild2019b},
  title = {Patterns of {{Iteroparity}} in {{Wild Snake River Steelhead}}},
  author = {Copeland, Timothy and Bowersox, Brett J. and Ackerman, Michael W. and Camacho, Carlos},
  year = {2019},
  journal = {Transactions of the American Fisheries Society},
  volume = {148},
  number = {5},
  pages = {926--937},
  issn = {1548-8659},
  doi = {10.1002/tafs.10187},
  copyright = {\textcopyright{} 2019 American Fisheries Society},
  language = {en},
  annotation = {\_eprint: https://afspubs.onlinelibrary.wiley.com/doi/pdf/10.1002/tafs.10187},
  file = {C\:\\Users\\ryank\\Zotero\\storage\\8I2FLYT6\\Copeland et al. - 2019 - Patterns of Iteroparity in Wild Snake River Steelh.pdf;C\:\\Users\\ryank\\Zotero\\storage\\KKNHAAWS\\Copelandetal-2019-STiteroparity.pdf;C\:\\Users\\ryank\\Zotero\\storage\\2Z38XK3N\\tafs.html;C\:\\Users\\ryank\\Zotero\\storage\\9MVWPGJM\\tafs.html;C\:\\Users\\ryank\\Zotero\\storage\\IF6TGL3K\\tafs.html}
}

@article{dobosIDFGReportNumber2020,
  title = {{{IDFG Report Number}} 20-08 {{April}} 2020},
  author = {Dobos, Marika E and Davison, Micah and Fortier, Jason T and Knoth, Brian A and Stark, Eric J},
  year = {2020},
  pages = {66},
  language = {en},
  file = {C\:\\Users\\ryank\\Zotero\\storage\\XGWKP7L5\\Dobos et al. - IDFG Report Number 20-08 April 2020.pdf}
}

@article{dobosUnderstandingLifeHistory2020,
  title = {Understanding {{Life History Diversity}} of a {{Wild Steelhead Population}} and {{Managing}} for {{Resiliency}}},
  author = {Dobos, Marika E. and Bowersox, Brett J. and Copeland, Timothy and Stark, Eric J.},
  year = {2020},
  month = oct,
  journal = {North American Journal of Fisheries Management},
  volume = {40},
  number = {5},
  pages = {1087--1099},
  issn = {0275-5947, 1548-8675},
  doi = {10.1002/nafm.10497},
  language = {en},
  file = {C\:\\Users\\ryank\\Zotero\\storage\\VPXQTGIS\\Dobos et al. - 2020 - Understanding Life History Diversity of a Wild Ste.pdf}
}

@article{fuchsOverwinteringDistributionPostspawn2021,
  title = {Overwintering {{Distribution}} and {{Postspawn Survival}} of {{Steelhead}} in the {{Upper Columbia River Basin}}},
  author = {Fuchs, Nathaniel T. and Caudill, Christopher C. and Murdoch, Andrew R. and Truscott, Benjamin L.},
  year = {2021},
  journal = {North American Journal of Fisheries Management},
  volume = {41},
  number = {3},
  pages = {757--774},
  issn = {1548-8675},
  doi = {10.1002/nafm.10585},
  language = {en},
  annotation = {\_eprint: https://afspubs.onlinelibrary.wiley.com/doi/pdf/10.1002/nafm.10585},
  file = {C\:\\Users\\ryank\\Zotero\\storage\\B86VAIN2\\Fuchs et al. - 2021 - Overwintering Distribution and Postspawn Survival .pdf;C\:\\Users\\ryank\\Zotero\\storage\\KWVP6YJS\\nafm.html}
}

@article{hatchSurvivalTraitsReconditioned2013,
  ids = {hatchSurvivalTraitsReconditioned2013a},
  title = {Survival and {{Traits}} of {{Reconditioned Kelt Steelhead Oncorhynchus}} Mykiss in the {{Yakima River}}, {{Washington}}},
  author = {Hatch, Douglas R. and Fast, David E. and Bosch, William J. and Blodgett, Joseph W. and Whiteaker, John M. and Branstetter, Ryan and Pierce, Andrew L.},
  year = {2013},
  journal = {North American Journal of Fisheries Management},
  volume = {33},
  number = {3},
  pages = {615--625},
  issn = {1548-8675},
  doi = {10.1080/02755947.2013.788586},
  language = {en},
  annotation = {\_eprint: https://afspubs.onlinelibrary.wiley.com/doi/pdf/10.1080/02755947.2013.788586},
  file = {C\:\\Users\\ryank\\Zotero\\storage\\ADRHLPIF\\Hatch et al. - 2013 - Survival and Traits of Reconditioned Kelt Steelhea.pdf;C\:\\Users\\ryank\\Zotero\\storage\\H4CBEDIR\\02755947.2013.html;C\:\\Users\\ryank\\Zotero\\storage\\Z6I8QESY\\02755947.2013.html}
}

@article{hessDifferentialAdultMigrationtiming2016,
  title = {Differential Adult Migration-Timing and Stock-Specific Abundance of Steelhead in Mixed Stock Assemblages},
  author = {Hess, Jon E. and Ackerman, Michael W. and Fryer, Jeffrey K. and Hasselman, Daniel J. and Steele, Craig A. and Stephenson, Jeff J. and Whiteaker, John M. and Narum, Shawn R.},
  year = {2016},
  month = nov,
  journal = {ICES Journal of Marine Science},
  volume = {73},
  number = {10},
  pages = {2606--2615},
  issn = {1054-3139},
  doi = {10.1093/icesjms/fsw138},
  file = {C\:\\Users\\ryank\\Zotero\\storage\\MV8FHCE9\\Hess et al. - 2016 - Differential adult migration-timing and stock-spec.pdf;C\:\\Users\\ryank\\Zotero\\storage\\WWJPLYRI\\2647122.html}
}

@article{jenkinsElevatedPlasmaTriglycerides2020,
  title = {Elevated Plasma Triglycerides and Growth Rate Are Early Indicators of Reproductive Status in Post-Spawning Female Steelhead Trout ({{Oncorhynchus}} Mykiss)},
  author = {Jenkins, Laura E and Pierce, Andrew L and Graham, Neil D and Medeiros, Lea R and Hatch, Douglas R and Nagler, James J},
  year = {2020},
  month = jan,
  journal = {Conservation Physiology},
  volume = {7},
  number = {1},
  issn = {2051-1434},
  doi = {10.1093/conphys/coz038},
  file = {C\:\\Users\\ryank\\Zotero\\storage\\LXWPV7M3\\Jenkins et al. - 2020 - Elevated plasma triglycerides and growth rate are .pdf;C\:\\Users\\ryank\\Zotero\\storage\\YFULSRFM\\5539214.html}
}

@article{keeferIteroparityColumbiaRiver2008,
  title = {Iteroparity in {{Columbia River}} Summer-Run Steelhead ({{Oncorhynchus}} Mykiss): Implications for Conservation},
  shorttitle = {Iteroparity in {{Columbia River}} Summer-Run Steelhead ({{Oncorhynchus}} Mykiss)},
  author = {Keefer, Matthew L. and Wertheimer, Robert H. and Evans, Allen F. and Boggs, Charles T. and Peery, Christopher A.},
  year = {2008},
  month = dec,
  journal = {Canadian Journal of Fisheries and Aquatic Sciences},
  volume = {65},
  number = {12},
  pages = {2592--2605},
  publisher = {{NRC Research Press}},
  issn = {0706-652X},
  doi = {10.1139/F08-160}
}

@book{kinzerREPORTNOAAFISHERIES2020,
  title = {{{REPORT TO NOAA FISHERIES FOR}} 5-{{YEAR ESA STATUS REVIEW}}: {{SNAKE RIVER BASIN STEELHEAD AND CHINOOK SALMON POPULATION ABUNDANCE}}, {{LIFE HISTORY}}, {{AND DIVERSITY METRICS CALCULATED FROM IN}}-{{STREAM PIT}}- {{TAG OBSERVATIONS}} ({{SY2010}}-{{SY2019}})},
  shorttitle = {{{REPORT TO NOAA FISHERIES FOR}} 5-{{YEAR ESA STATUS REVIEW}}},
  author = {Kinzer, Ryan and Orme, Rick and Campbell, Matthew and Hargrove, John and See, Kevin},
  year = {2020},
  month = jan,
  doi = {10.13140/RG.2.2.17433.03681},
  file = {C\:\\Users\\ryank\\Zotero\\storage\\KE8XMAZE\\Kinzer et al. - 2020 - REPORT TO NOAA FISHERIES FOR 5-YEAR ESA STATUS REV.pdf}
}

@book{kinzerSnakeRiverBasin2020,
  title = {Snake {{River Basin Adult Chinook Salmon}} and {{Steelhead Monitoring}} 2019 {{Annual Report}}},
  author = {Kinzer, Ryan and Arnsberg, Bill and Harbeck, Jim and Maxwell, Aaron and Orme, Rick and Rabe, Craig and Vatland, Shane},
  year = {2020},
  month = jul,
  doi = {10.13140/RG.2.2.27499.36646},
  file = {C\:\\Users\\ryank\\Zotero\\storage\\MAGRXFNF\\Kinzer et al. - 2020 - Snake River Basin Adult Chinook Salmon and Steelhe.pdf}
}

@techreport{lawryWildAdultSteelhead2020,
  type = {Annual {{Report}}},
  title = {Wild {{Adult Steelhead}} and {{Chinook Salmon Abundance}} and {{Composition}} at {{Lower Granite Dam}}, {{Spawn Year}} 2019.},
  author = {Lawry, Katherine M and Camacho, Carlos A and Hargrove, John S and Delomas, Thomas and Davison, Micah and Dobos, Marika E and Schrader, William C and Copeland, Timothy and Campbell, Matthew R},
  year = {2020},
  number = {20-12},
  pages = {101},
  institution = {{Idaho Department of Fish and Game}},
  language = {en},
  file = {C\:\\Users\\ryank\\Zotero\\storage\\KDM5SI2G\\Lawry et al. - Wild Adult Steelhead and Chinook Salmon Abundance .pdf}
}

@article{lebretonModelingSurvivalTesting1992,
  title = {Modeling {{Survival}} and {{Testing Biological Hypotheses Using Marked Animals}}: {{A Unified Approach}} with {{Case Studies}}},
  shorttitle = {Modeling {{Survival}} and {{Testing Biological Hypotheses Using Marked Animals}}},
  author = {Lebreton, Jean-Dominique and Burnham, Kenneth P. and Clobert, Jean and Anderson, David R.},
  year = {1992},
  journal = {Ecological Monographs},
  volume = {62},
  number = {1},
  pages = {67--118},
  issn = {1557-7015},
  doi = {10.2307/2937171},
  language = {en},
  annotation = {\_eprint: https://esajournals.onlinelibrary.wiley.com/doi/pdf/10.2307/2937171},
  file = {C\:\\Users\\ryank\\Zotero\\storage\\KYK5G3F4\\2937171.html}
}

@article{matalaWhatGoesDoes2016,
  title = {What Goes up Does Not Come down: The Stock Composition and Demographic Characteristics of Upstream Migrating Steelhead Differ from Post-Spawn Emigrating Kelts},
  shorttitle = {What Goes up Does Not Come Down},
  author = {Matala, Andrew P. and Hatch, Douglas R. and Everett, Scott and Ackerman, Michael W. and Bowersox, Brett and Campbell, Matthew and Narum, Shawn},
  year = {2016},
  month = nov,
  journal = {ICES Journal of Marine Science},
  volume = {73},
  number = {10},
  pages = {2595--2605},
  issn = {1054-3139},
  doi = {10.1093/icesjms/fsw109},
  file = {C\:\\Users\\ryank\\Zotero\\storage\\SGK2RR2K\\Matala et al. - 2016 - What goes up does not come down the stock composi.pdf;C\:\\Users\\ryank\\Zotero\\storage\\3B855DJQ\\2647105.html}
}

@article{penneyHistologicalAssessmentOrgans2014,
  title = {Histological Assessment of Organs in Sexually Mature and Post-Spawning Steelhead Trout and Insights into Iteroparity},
  author = {Penney, Zachary L. and Moffitt, Christine M.},
  year = {2014},
  month = sep,
  journal = {Reviews in Fish Biology and Fisheries},
  volume = {24},
  number = {3},
  pages = {781--801},
  issn = {1573-5184},
  doi = {10.1007/s11160-013-9338-2},
  language = {en}
}

@article{penneyPhysiologicalComparisonsSteelhead2016,
  title = {Physiological Comparisons of Steelhead Kelts Emigrating from the {{Situk River}}, {{AK}} and {{Clearwater River}}, {{ID}}},
  author = {Penney, Zachary L. and Moffitt, Christine M. and Jones, Bryan and Marston, Brian},
  year = {2016},
  month = may,
  journal = {Environmental Biology of Fishes},
  volume = {99},
  number = {5},
  pages = {487--498},
  issn = {1573-5133},
  doi = {10.1007/s10641-016-0493-x},
  language = {en}
}

@article{penneyProximateCompositionEnergy2014,
  title = {Proximate {{Composition}} and {{Energy Density}} of {{Stream}}-{{Maturing Adult Steelhead}} during {{Upstream Migration}}, {{Sexual Maturity}}, and {{Kelt Emigration}}},
  author = {Penney, Zachary L. and Moffitt, Christine M.},
  year = {2014},
  month = mar,
  journal = {Transactions of the American Fisheries Society},
  volume = {143},
  number = {2},
  pages = {399--413},
  publisher = {{Taylor \& Francis}},
  issn = {0002-8487},
  doi = {10.1080/00028487.2013.862184},
  annotation = {\_eprint: https://doi.org/10.1080/00028487.2013.862184}
}

@book{quinnBehaviorEcologyPacific2018,
  title = {The {{Behavior}} and {{Ecology}} of {{Pacific Salmon}} and {{Trout}}},
  author = {Quinn, Thomas P.},
  year = {2018},
  month = aug,
  publisher = {{University of Washington Press}},
  googlebooks = {6jx4DwAAQBAJ},
  isbn = {978-0-295-74334-9},
  language = {en},
  keywords = {Nature / Animals / Fish,Nature / Regional,Science / General,Technology \& Engineering / Fisheries \& Aquaculture}
}

@book{royleHierarchicalModelingInference2008,
  title = {Hierarchical {{Modeling}} and {{Inference}} in {{Ecology}}: {{The Analysis}} of {{Data}} from {{Populations}}, {{Metapopulations}} and {{Communities}}},
  shorttitle = {Hierarchical {{Modeling}} and {{Inference}} in {{Ecology}}},
  author = {Royle, J. Andrew and Dorazio, Robert M.},
  year = {2008},
  month = oct,
  publisher = {{Elsevier}},
  googlebooks = {rDppWpVP6a0C},
  isbn = {978-0-08-055925-4},
  language = {en},
  keywords = {Science / Environmental Science,Science / Life Sciences / Ecology}
}

@book{seePITTagBased2016,
  title = {{{PIT Tag Based Escapement Estimates}} to {{Snake Basin Populations}}},
  author = {See, Kevin and Orme, Rick and Kinzer, Ryan and Ackerman, Michael},
  year = {2016},
  month = jun,
  file = {C\:\\Users\\ryank\\Zotero\\storage\\TKESWTIX\\See et al. - 2016 - PIT Tag Based Escapement Estimates to Snake Basin .pdf}
}

@article{seeStateSpaceModelEstimate2021,
  title = {State-{{Space Model}} to {{Estimate Salmon Escapement Using Multiple Data Sources}}},
  author = {See, Kevin E. and Kinzer, Ryan N. and Ackerman, Michael W.},
  year = {2021},
  journal = {North American Journal of Fisheries Management},
  volume = {41},
  number = {4},
  issn = {1548-8675},
  doi = {10.1002/nafm.10649},
  copyright = {All rights reserved},
  language = {en},
  annotation = {\_eprint: https://afspubs.onlinelibrary.wiley.com/doi/pdf/10.1002/nafm.10649},
  file = {C\:\\Users\\ryank\\Zotero\\storage\\SGYJWNV3\\See et al. - State-Space Model to Estimate Salmon Escapement Us.pdf;C\:\\Users\\ryank\\Zotero\\storage\\9N22WPK3\\nafm.html}
}

@article{steeleValidationParentagebasedTagging2013,
  title = {A Validation of Parentage-Based Tagging Using Hatchery Steelhead in the {{Snake River}} Basin},
  author = {Steele, Craig A. and Anderson, Eric C. and Ackerman, Michael W. and Hess, Maureen A. and Campbell, Nathan R. and Narum, Shawn R. and Campbell, Matthew R.},
  year = {2013},
  month = jul,
  journal = {Canadian Journal of Fisheries and Aquatic Sciences},
  volume = {70},
  number = {7},
  pages = {1046--1054},
  publisher = {{NRC Research Press}},
  issn = {0706-652X},
  doi = {10.1139/cjfas-2012-0451},
  file = {C\:\\Users\\ryank\\Zotero\\storage\\YI8HV5ZC\\Steele et al. - 2013 - A validation of parentage-based tagging using hatc.pdf}
}

@article{waterhouseBayesianNestedPatch2020,
  title = {A {{Bayesian}} Nested Patch Occupancy Model to Estimate Steelhead Movement and Abundance},
  author = {Waterhouse, Lynn and White, Jody and See, Kevin and Murdoch, Andrew and Semmens, Brice X.},
  year = {2020},
  journal = {Ecological Applications},
  volume = {0},
  number = {0},
  pages = {17},
  issn = {1939-5582},
  doi = {10.1002/eap.2202},
  language = {en},
  keywords = {abundance,Bayesian,detection probability,escapement,hierarchical model,nested patch occupancy,PIT tag,river network,salmonid,steelhead},
  annotation = {\_eprint: https://esajournals.onlinelibrary.wiley.com/doi/pdf/10.1002/eap.2202},
  file = {C\:\\Users\\ryank\\Zotero\\storage\\PSB3A85R\\Waterhouse et al. - 2020 - A Bayesian nested patch occupancy model to estimat.pdf;C\:\\Users\\ryank\\Zotero\\storage\\JBQZE8CN\\eap.html}
}

@article{wertheimerDownstreamPassageSteelhead2005,
  title = {Downstream {{Passage}} of {{Steelhead Kelts}} through {{Hydroelectric Dams}} on the {{Lower Snake}} and {{Columbia Rivers}}},
  author = {Wertheimer, Robert H. and Evans, Allen F.},
  year = {2005},
  journal = {Transactions of the American Fisheries Society},
  volume = {134},
  number = {4},
  pages = {853--865},
  issn = {1548-8659},
  doi = {10.1577/T04-219.1},
  language = {en},
  annotation = {\_eprint: https://afspubs.onlinelibrary.wiley.com/doi/pdf/10.1577/T04-219.1},
  file = {C\:\\Users\\ryank\\Zotero\\storage\\XTVZMPA5\\Wertheimer and Evans - 2005 - Downstream Passage of Steelhead Kelts through Hydr.pdf;C\:\\Users\\ryank\\Zotero\\storage\\Q7NB98QD\\T04-219.html}
}


